@article{Arnold_2010,
   title={Finite element exterior calculus: from Hodge theory to numerical stability},
   volume={47},
   ISSN={1088-9485},
   url={http://dx.doi.org/10.1090/S0273-0979-10-01278-4},
   DOI={10.1090/s0273-0979-10-01278-4},
   number={2},
   journal={Bulletin of the American Mathematical Society},
   publisher={American Mathematical Society (AMS)},
   author={Arnold, Douglas and Falk, Richard and Winther, Ragnar},
   year={2010},
   month=jan, pages={281â€“354} }
